<marcx:record format="danMARC2" type="BibliographicMain"><marcx:leader>00000n    2200000   4500</marcx:leader><marcx:datafield ind1="0" ind2="0" tag="001"><marcx:subfield code="a">50074773</marcx:subfield><marcx:subfield code="b">870970</marcx:subfield><marcx:subfield code="c">20110124153343</marcx:subfield><marcx:subfield code="d">19770217</marcx:subfield><marcx:subfield code="f">a</marcx:subfield></marcx:datafield><marcx:datafield ind1="0" ind2="0" tag="004"><marcx:subfield code="r">n</marcx:subfield><marcx:subfield code="a">h</marcx:subfield></marcx:datafield><marcx:datafield ind1="0" ind2="0" tag="008"><marcx:subfield code="b">dk</marcx:subfield><marcx:subfield code="d">y</marcx:subfield><marcx:subfield code="x">06</marcx:subfield><marcx:subfield code="x">04</marcx:subfield><marcx:subfield code="v">0</marcx:subfield></marcx:datafield><marcx:datafield ind1="0" ind2="0" tag="009"><marcx:subfield code="a">a</marcx:subfield><marcx:subfield code="g">xx</marcx:subfield></marcx:datafield><marcx:datafield ind1="0" ind2="0" tag="245"><marcx:subfield code="a">Danmarks kirker</marcx:subfield></marcx:datafield><marcx:datafield ind1="0" ind2="0" tag="260"><marcx:subfield code="&amp;">1</marcx:subfield><marcx:subfield code="a">[Kbh.]</marcx:subfield><marcx:subfield code="b">Nationalmuseet</marcx:subfield><marcx:subfield code="c">1933-</marcx:subfield></marcx:datafield><marcx:datafield ind1="0" ind2="0" tag="532"><marcx:subfield code="&amp;">1</marcx:subfield><marcx:subfield code="a">Litteraturhenvisninger</marcx:subfield></marcx:datafield><marcx:datafield ind1="0" ind2="0" tag="652"><marcx:subfield code="m">71.86</marcx:subfield></marcx:datafield><marcx:datafield ind1="0" ind2="0" tag="710"><marcx:subfield code="a">Nationalmuseet</marcx:subfield></marcx:datafield></marcx:record>