<marcx:record format="danMARC2" type="BibliographicSection"><marcx:leader>00000n    2200000   4500</marcx:leader><marcx:datafield ind1="0" ind2="0" tag="001"><marcx:subfield code="a">25766024</marcx:subfield><marcx:subfield code="b">870970</marcx:subfield><marcx:subfield code="c">20091203150445</marcx:subfield><marcx:subfield code="d">20050530</marcx:subfield><marcx:subfield code="f">a</marcx:subfield></marcx:datafield><marcx:datafield ind1="0" ind2="0" tag="004"><marcx:subfield code="r">n</marcx:subfield><marcx:subfield code="a">s</marcx:subfield></marcx:datafield><marcx:datafield ind1="0" ind2="0" tag="008"><marcx:subfield code="v">0</marcx:subfield></marcx:datafield><marcx:datafield ind1="0" ind2="0" tag="014"><marcx:subfield code="a">50074773</marcx:subfield></marcx:datafield><marcx:datafield ind1="0" ind2="0" tag="245"><marcx:subfield code="n">[Bind] 17</marcx:subfield><marcx:subfield code="a">Vejle Amt</marcx:subfield><marcx:subfield code="f">with summaries in English</marcx:subfield></marcx:datafield><marcx:datafield ind1="0" ind2="0" tag="300"><marcx:subfield code="a">bind</marcx:subfield><marcx:subfield code="b">ill. (nogle i farver)</marcx:subfield><marcx:subfield code="c">28 cm</marcx:subfield></marcx:datafield><marcx:datafield ind1="0" ind2="0" tag="512"><marcx:subfield code="a">1. bind / ved Ebbe Nyborg og Niels Jørgen Poulsen ; under medvirken af Birgitte Bøggild ... et al., 2. bind / ved Ebbe Nyborg og Niels Jørgen Poulsen ; under medvirken af Hugo Johannsen</marcx:subfield></marcx:datafield></marcx:record>