<marcx:record format="danMARC2" type="BibliographicVolume"><marcx:leader>00000n    2200000   4500</marcx:leader><marcx:datafield ind1="0" ind2="0" tag="001"><marcx:subfield code="a">28608314</marcx:subfield><marcx:subfield code="b">870970</marcx:subfield><marcx:subfield code="c">20110207180016</marcx:subfield><marcx:subfield code="d">20110118</marcx:subfield><marcx:subfield code="f">a</marcx:subfield></marcx:datafield><marcx:datafield ind1="0" ind2="0" tag="004"><marcx:subfield code="r">n</marcx:subfield><marcx:subfield code="a">b</marcx:subfield></marcx:datafield><marcx:datafield ind1="0" ind2="0" tag="008"><marcx:subfield code="t">m</marcx:subfield><marcx:subfield code="u">f</marcx:subfield><marcx:subfield code="a">2010</marcx:subfield><marcx:subfield code="l">dan</marcx:subfield><marcx:subfield code="v">0</marcx:subfield></marcx:datafield><marcx:datafield ind1="0" ind2="0" tag="014"><marcx:subfield code="a">25766024</marcx:subfield></marcx:datafield><marcx:datafield ind1="0" ind2="0" tag="021"><marcx:subfield code="e">9788776021481</marcx:subfield><marcx:subfield code="c">hf.</marcx:subfield></marcx:datafield><marcx:datafield ind1="0" ind2="0" tag="032"><marcx:subfield code="x">ACC201103</marcx:subfield><marcx:subfield code="a">DBF201106</marcx:subfield><marcx:subfield code="x">BKM201106</marcx:subfield></marcx:datafield><marcx:datafield ind1="0" ind2="0" tag="041"><marcx:subfield code="d">eng</marcx:subfield></marcx:datafield><marcx:datafield ind1="0" ind2="0" tag="245"><marcx:subfield code="g">3. bind, 13. hefte</marcx:subfield><marcx:subfield code="a">Urlev, Ørum, Stouby, Hornum</marcx:subfield></marcx:datafield><marcx:datafield ind1="0" ind2="0" tag="260"><marcx:subfield code="c">2010</marcx:subfield></marcx:datafield><marcx:datafield ind1="0" ind2="0" tag="300"><marcx:subfield code="a">Side 1157-1264</marcx:subfield></marcx:datafield><marcx:datafield ind1="0" ind2="0" tag="508"><marcx:subfield code="a">Med resuméer på engelsk, samt parallelle billedtekster på dansk og engelsk</marcx:subfield></marcx:datafield><marcx:datafield ind1="0" ind2="0" tag="700"><marcx:subfield code="a">Nyborg</marcx:subfield><marcx:subfield code="h">Ebbe</marcx:subfield><marcx:subfield code="4">aut</marcx:subfield></marcx:datafield><marcx:datafield ind1="0" ind2="0" tag="700"><marcx:subfield code="a">Poulsen</marcx:subfield><marcx:subfield code="h">Niels Jørgen</marcx:subfield><marcx:subfield code="c">f. 1947</marcx:subfield><marcx:subfield code="4">aut</marcx:subfield></marcx:datafield><marcx:datafield ind1="0" ind2="0" tag="990"><marcx:subfield code="o">201106</marcx:subfield><marcx:subfield code="b">v</marcx:subfield><marcx:subfield code="u">nt</marcx:subfield></marcx:datafield></marcx:record></marcx:collection><adminData><creationDate>2011-01-18</creationDate><libraryType>none</libraryType><indexingAlias>danmarcxchange</indexingAlias><accessType>physical</accessType><genre>nonfiktion</genre><collectionIdentifier>870970-basis</collectionIdentifier></adminData></ting:container>
</foxml:xmlContent>
</foxml:datastreamVersion>
</foxml:datastream>
<foxml:datastream ID="localData.870970-basis" STATE="A" CONTROL_GROUP="X" VERSIONABLE="false">
<foxml:datastreamVersion ID="localData.870970-basis.0" LABEL="" CREATED="2013-05-16T11:58:51.768Z" MIMETYPE="text/xml" SIZE="6488">
<foxml:xmlContent>
<ting:localData xmlns:ting="http://www.dbc.dk/ting"><marcx:record xmlns:marcx="info:lc/xmlns/marcxchange-v1" format="danMARC2" type="BibliographicLocal"><marcx:datafield ind1="0" ind2="0" tag="d08"><marcx:subfield code="a">(TKO ok i korr 8601/to)(17.4.86:3afh mgl.nu igen på TKO.Lev.af disse sker manuelt via fejlliste,KAT&apos;s &quot;nødlager&quot; samt forsendelse og fakturering fra KXP/to)(30.5.86:TKO ok i korr.igen 8623,men for en sikkerheds skyld bestilles 50 ks.+ 50 enk til et &quot;nødlager&quot; i KAT/to.14.10-86: viste sig at være en god ide,da den nu igen mgl.de3afh.tb)(3.11.86:TKO ok igen i korr 8645.nødlageret beholdes ikke desto mindre/tb)(nu er den gal igen: 3afh mangler igen på TKO.Nødlager igen i drift/8708/bg)(TKO ok igen i korr8714.kmd-fejl rettet,dog opretholdes nødlageret,så længe den er trykte kort uændrede/tb.27.3.87)(8715:nødlager kass.da 5.bind Kbh er tilf/tb/tko ok i korr 8715/lj.tko ok 8747/ksh)(sektion Kbh lukket med 6 bind/tko ok i korr. 8904/psc)(note tilføjet Kbh. 6. bind/8907)(tko ok i korr. 8946/ps)</marcx:subfield></marcx:datafield><marcx:datafield ind1="0" ind2="0" tag="d08"><marcx:subfield code="o">jdy</marcx:subfield><marcx:subfield code="o">bsj</marcx:subfield><marcx:subfield code="a">245a fra ryggen, 245g fra smudsomslaget</marcx:subfield><marcx:subfield code="k">dra</marcx:subfield></marcx:datafield><marcx:datafield ind1="0" ind2="0" tag="d31"><marcx:subfield code="b">200</marcx:subfield><marcx:subfield code="h">276</marcx:subfield><marcx:subfield code="t">7</marcx:subfield></marcx:datafield><marcx:datafield ind1="0" ind2="0" tag="d32"><marcx:subfield code="b">197</marcx:subfield><marcx:subfield code="h">278</marcx:subfield><marcx:subfield code="t">7</marcx:subfield></marcx:datafield><marcx:datafield ind1="0" ind2="0" tag="d35"><marcx:subfield code="a">P</marcx:subfield><marcx:subfield code="i">01</marcx:subfield><marcx:subfield code="n">02</marcx:subfield><marcx:subfield code="p">05</marcx:subfield><marcx:subfield code="q">02</marcx:subfield></marcx:datafield><marcx:datafield ind1="0" ind2="0" tag="f06"><marcx:subfield code="b">v</marcx:subfield></marcx:datafield><marcx:datafield ind1="0" ind2="0" tag="n51"><marcx:subfield code="a">20110207</marcx:subfield></marcx:datafield><marcx:datafield ind1="0" ind2="0" tag="n55"><marcx:subfield code="a">20110118</marcx:subfield></marcx:datafield><marcx:datafield ind1="0" ind2="0" tag="s12"><marcx:subfield code="t">TeamBLY201104</marcx:subfield></marcx:datafield><marcx:datafield ind1="0" ind2="0" tag="z99"><marcx:subfield code="a">bsj</marcx:subfield></marcx:datafield><marcx:datafield ind1="0" ind2="0" tag="z99"><marcx:subfield code="a">dra</marcx:subfield></marcx:datafield><marcx:datafield ind1="0" ind2="0" tag="d08"><marcx:subfield code="a">(TKO ok i korr 8601/to)(17.4.86:3afh mgl.nu igen på TKO.Lev.af disse sker manuelt via fejlliste,KAT&apos;s &quot;nødlager&quot; samt forsendelse og fakturering fra KXP/to)(30.5.86:TKO ok i korr.igen 8623,men for en sikkerheds skyld bestilles 50 ks.+ 50 enk til et &quot;nødlager&quot; i KAT/to.14.10-86: viste sig at være en god ide,da den nu igen mgl.de3afh.tb)(3.11.86:TKO ok igen i korr 8645.nødlageret beholdes ikke desto mindre/tb)(nu er den gal igen: 3afh mangler igen på TKO.Nødlager igen i drift/8708/bg)(TKO ok igen i korr8714.kmd-fejl rettet,dog opretholdes nødlageret,så længe den er trykte kort uændrede/tb.27.3.87)(8715:nødlager kass.da 5.bind Kbh er tilf/tb/tko ok i korr 8715/lj.tko ok 8747/ksh)(sektion Kbh lukket med 6 bind/tko ok i korr. 8904/psc)(note tilføjet Kbh. 6. bind/8907)(tko ok i korr. 8946/ps)</marcx:subfield></marcx:datafield><marcx:datafield ind1="0" ind2="0" tag="s10"><marcx:subfield code="a">DBC</marcx:subfield></marcx:datafield><marcx:datafield ind1="0" ind2="0" tag="z99"><marcx:subfield code="a">bsj</marcx:subfield></marcx:datafield><marcx:datafield ind1="0" ind2="0" tag="n55"><marcx:subfield code="a">20050301</marcx:subfield></marcx:datafield><marcx:datafield ind1="0" ind2="0" tag="d08"><marcx:subfield code="a">lj/lj</marcx:subfield><marcx:subfield code="r">anh</marcx:subfield><marcx:subfield code="a">2x700 tilføjet - de to har foreløbig skrevet alle bind</marcx:subfield><marcx:subfield code="r">anh</marcx:subfield><marcx:subfield code="a">forfatterne flyttet til hæfterne</marcx:subfield><marcx:subfield code="r">bsj</marcx:subfield><marcx:subfield code="a">512 tilf. ved lukning af 1. bind, 512 udv. ved lukning af 2. bind</marcx:subfield></marcx:datafield><marcx:datafield ind1="0" ind2="0" tag="s10"><marcx:subfield code="a">DBC</marcx:subfield></marcx:datafield><marcx:datafield ind1="0" ind2="0" tag="z99"><marcx:subfield code="a">bsj</marcx:subfield></marcx:datafield><marcx:datafield ind1="0" ind2="0" tag="n55"><marcx:subfield code="a">20050602</marcx:subfield></marcx:datafield><marcx:datafield ind1="0" ind2="0" tag="d08"><marcx:subfield code="o">jdy</marcx:subfield><marcx:subfield code="o">bsj</marcx:subfield><marcx:subfield code="a">245a fra ryggen, 245g fra smudsomslaget</marcx:subfield><marcx:subfield code="k">dra</marcx:subfield></marcx:datafield><marcx:datafield ind1="0" ind2="0" tag="d31"><marcx:subfield code="b">200</marcx:subfield><marcx:subfield code="h">276</marcx:subfield><marcx:subfield code="t">7</marcx:subfield></marcx:datafield><marcx:datafield ind1="0" ind2="0" tag="d32"><marcx:subfield code="b">197</marcx:subfield><marcx:subfield code="h">278</marcx:subfield><marcx:subfield code="t">7</marcx:subfield></marcx:datafield><marcx:datafield ind1="0" ind2="0" tag="d35"><marcx:subfield code="a">P</marcx:subfield><marcx:subfield code="i">01</marcx:subfield><marcx:subfield code="n">02</marcx:subfield><marcx:subfield code="p">05</marcx:subfield><marcx:subfield code="q">02</marcx:subfield></marcx:datafield><marcx:datafield ind1="0" ind2="0" tag="f06"><marcx:subfield code="b">v</marcx:subfield></marcx:datafield><marcx:datafield ind1="0" ind2="0" tag="n51"><marcx:subfield code="a">20110207</marcx:subfield></marcx:datafield><marcx:datafield ind1="0" ind2="0" tag="s10"><marcx:subfield code="a">DBC</marcx:subfield></marcx:datafield><marcx:datafield ind1="0" ind2="0" tag="s12"><marcx:subfield code="t">TeamBLY201104</marcx:subfield></marcx:datafield><marcx:datafield ind1="0" ind2="0" tag="z99"><marcx:subfield code="a">dra</marcx:subfield></marcx:datafield><marcx:datafield ind1="0" ind2="0" tag="n55"><marcx:subfield code="a">20110118</marcx:subfield></marcx:datafield></marcx:record></ting:localData>
</foxml:xmlContent>
</foxml:datastreamVersion>
</foxml:datastream>
<foxml:datastream ID="RELS-SYS" STATE="A" CONTROL_GROUP="X" VERSIONABLE="false">
<foxml:datastreamVersion ID="RELS-SYS.1" LABEL="" CREATED="2013-05-16T11:58:51.864Z" MIMETYPE="application/rdf+xml" SIZE="317">
<foxml:xmlContent>
<rdf:RDF xmlns:rdf="http://www.w3.org/1999/02/22-rdf-syntax-ns#">
  <rdf:Description rdf:about="info:fedora/870970-basis:28608314">
    <isMemberOfUnit xmlns="info:fedora/">unit:31477</isMemberOfUnit>
    <isPrimaryBibObjectFor xmlns="info:fedora/">unit:31477</isPrimaryBibObjectFor>
  </rdf:Description>
</rdf:RDF>
</foxml:xmlContent>
</foxml:datastreamVersion>
</foxml:datastream>
</foxml:digitalObject><ocn></ocn><holdingsServiceResponse><response>
<timestamp>2013-05-30 10:26:28.434</timestamp>
<pid>870970-basis:28608314</pid>
<result>
</result>
</response></holdingsServiceResponse></oclcRecord></oclcRecords>

</ns1:originalData>
<ns1:outputFormat>PLACEHOLDER</ns1:outputFormat>
   </ns1:formatRequest>
 </SOAP-ENV:Body>
</SOAP-ENV:Envelope>
